
@MISC{fasylecture,
  title = "Statements in Class",
  howpublished = "Throughout class this was noted as important"",
  note = {Accessed: 2021}
}

@MISC{etextbook1,
  title = "Proving Validity of Arguments with Quantified Statements",
  howpublished = "\url{https://ebooks.cenreader.com/#!/reader/bf65307a-bb3c-4772-8f3d-315f32b22eaa/page/9d69925a01f9c1ec06948892819db4d4}",
  note = {Accessed: 2021-03-5}
}

@MISC{etextbook2,
  title = "Test yourself 4.2",
  howpublished = "\url{https://ebooks.cenreader.com/#!/reader/bf65307a-bb3c-4772-8f3d-315f32b22eaa/page/9d69925a01f9c1ec06948892819db4d4}",
  note = {Accessed: 2021-03-5}
}

@MISC{etextbook3,
  title = "Test yourself 4.2",
  howpublished = "\url{https://ebooks.cenreader.com/#!/reader/bf65307a-bb3c-4772-8f3d-315f32b22eaa/page/9d69925a01f9c1ec06948892819db4d4}",
  note = {Accessed: 2021-03-5}
}

@MISC{etextbook4,
  title = "Test yourself 4.2",
  howpublished = "\url{https://ebooks.cenreader.com/#!/reader/bf65307a-bb3c-4772-8f3d-315f32b22eaa/page/9d69925a01f9c1ec06948892819db4d4}",
  note = {Accessed: 2021-03-5}
}

@MISC{encyclopedia,
  title = {The Birth Of Graph Theory: Leonhard Euler And The KÃ¶nigsberg Bridge Problem},
  howpublished = "\url{https://www.encyclopedia.com/science/encyclopedias-almanacs-transcripts-and-maps/birth-graph-theory-leonhard-euler-and-konigsberg-bridge-problem}",
  note = {Accessed: 2021-03-4}
}

@MISC{britannica,
  title = "Leonhard Euler",
  howpublished = "\url{https://www.britannica.com/biography/Leonhard-Euler}",
  note = {Accessed: 2021-03-4}
}
