
@MISC{techopedia,
  title = "Bipartite Graph",
  howpublished = "\url{https://www.techopedia.com/definition/17941/bipartite-graph}",
  note = {Accessed: 2021-03-19}
}

@MISC{wikipedia,
  title = "Frances Allen",
  howpublished = "\url{https://en.wikipedia.org/wiki/Frances_Allen}",
  note = {Accessed: 2021-03-18}
}

@MISC{britannica,
  title = "Frances E. Allen",
  howpublished = "\url{https://www.britannica.com/biography/Frances-E-Allen}",
  note = {Accessed: 2021-03-18}
}
