
@MISC{berkeley,
  title = "Shafi Goldwasser",
  howpublished = "\url{https://www2.eecs.berkeley.edu/Faculty/Homepages/goldwasser.html}",
  note = {Accessed: 2021-04-06}
}

@MISC{wikipedia,
  title = "Shafi Goldwasser",
  howpublished = "\url{https://en.wikipedia.org/wiki/Shafi_Goldwasser}",
  note = {Accessed: 2021-04-06}
}

@MISC{acm,
  title = "Goldwasser, Micali Receive ACM Turing Award for Advances in Cryptography",
  howpublished = "\url{https://amturing.acm.org/award_winners/goldwasser_8627889.cfm}",
  note = {Accessed: 2021-04-06}
}
