@book{brooks-manmonth,
  title={The Mythical Man-Month: Essays on Software Engineering},
  author={Brooks, Frederick P.},
  publisher={Pearson},
  year={1974}
}

@misc{britannica,
  author = {William L. Hosch},
  title = {{Fred Brooks} American Computer Scientist},
  year = 2020,
  url = {https://www.britannica.com/biography/Fred-Brooks},
}
