
@MISC{science,
  title = "Scientific American: Wrong in Public: the 4-Color Theorem Edition",
  howpublished = "\url{https://blogs.scientificamerican.com/roots-of-unity/wrong-in-public-4-color-theorem/}",
  note = {Accessed: 2021-04-26}
}

@MISC{princeton,
  title = "Princeton Lecture",
  howpublished = "\url{http://web.math.princeton.edu/math_alive/5/Notes2.pdf}",
  note = {Accessed: 2021-04-26}
}
