@book{brooks1975mythical,
  title={The Mythical Man-Month},
  publisher={Addison-Wesley},
  author={Brooks, Fred P.},
  address={Reading, Mass},
  year={1975}
}
