
\usepackage{url}

%% Define a new 'leo' style for the package that will use a smaller font.
\makeatletter
\def\url@leostyle{%
  \@ifundefined{selectfont}
\makeatother
%% Now actually use the newly defined style.
\urlstyle{leo}

@misc{tearfund,
  title   = "No Time to Waste ",
  url     = "https://wasteaid.org/wp-content/uploads/2019/05/2019-Tearfund-Consortium-No-time-to-waste-En.pdf",
  year    = "2019",
  author  = " M. Williams, R. Gower and J. Green"
}

@misc{bloomberg,
  title   = "Hydrogen Energy Outlook",
  url     = "https://data.bloomberglp.com/professional/sites/24/BNEF-Hydrogen-Economy-Outlook-Key-Messages-30-Mar-2020.pdf"
  year    = "2020",
  author  = "Bloomberg"
}

@webpage{carbon,
  title   = "What are Carbon Emissions?",
  url     = "https://earthhero.com/carbon-emissions/",
  year    = "2017",
  author  = "Earth Hero"
}

@webpage{waste,
  title   = "This is what the world's waste does to people in poorer countries",
  url     = "https://www.weforum.org/agenda/2019/05/this-is-what-the-world-s-waste-does-to-people-in-poorer-countries/",
  year    = "2019",
  author  = "C. Edmond"
}

@webpage{hydrogen,
  title   = "The Race to Scale Up Green Hydrogen to Help Solve Some of the World’s Dirtiest Energy Problems",
  url     = "https://insideclimatenews.org/news/17032021/the-race-to-scale-up-green-hydrogen-to-help-solve-some-of-the-worlds-dirtiest-energy-problems/",
  year    = "2021",
  author  = "N. Thomas, D. Sheppard, N. Hume, Financial Times"
}

@webpage{sgh2,
  title   = "SGH2 building largest green hydrogen production facility in California; gasification of waste into H2",
  url     = "https://www.greencarcongress.com/2020/05/20200521-sgh2.html",
  year    = "2021",
  author  = "N. Thomas, D. Sheppard, N. Hume, Financial Times"
}

@webpage{sgh2-ca,
  title   = "World’s Largest Green Hydrogen Project to Launch in California",
  url     = "https://www.businesswire.com/news/home/20200520005256/en/World%E2%80%99s-Largest-Green-Hydrogen-Project-Launch-California/?feedref=JjAwJuNHiystnCoBq_hl-bV7DTIYheT0D-1vT4_bKFzt_EW40VMdK6eG-WLfRGUE1fJraLPL1g6AeUGJlCTYs7Oafol48Kkc8KJgZoTHgMu0w8LYSbRdYOj2VdwnuKwa",
  year    = "2020",
  author  = "C. Heartquist"
}

@webpage{forbes,
  title   = "What Does Green Hydrogen Mean, And What Can We Use It For? ",
  url     = "https://www.forbes.com/sites/enriquedans/2020/10/05/what-does-green-hydrogen-mean-and-what-can-we-use-itfor/?sh=21813f421561",
  year    = "2020",
  author  = "E. Dans"
}

@webpage{berkeley,
  title   = "New technique to capture CO2 could reduce power plant greenhouse gases",
  url     = "https://news.berkeley.edu/2020/07/23/new-technique-to-capture-co2-could-reduce-power-plant-greenhouse-gases/",
  year    = "2020",
  author  = "R. Sanders"
}

@webpage{sgh2site,
  title   = "SG H2 Energy",
  url     = "https://www.sgh2energy.com/technology/",
  year    = "2021"
}


@webpage{isegoria,
  title   = "California trash-to-hydrogen plant promises dirt-cheap, super-green H2",
  url     = "https://www.isegoria.net/2020/06/california-trash-to-hydrogen-plant-promises-dirt-cheap-super-green-h2/",
  year    = "2020"
}

@webpage{solar,
  title   = "Lancaster, Calif. Requires Newly Built Houses to Fully Power Themselves with Solar",
  url     = "https://www.greentechmedia.com/articles/read/lancaster-california-mandate-new-built-houses-solar-power-zero-net",
  year    = "2017",
  author  = "Julian Spector"
}

@webpage{eu,
  title   = "A hydrogen strategy for a climate-nuetral Europe",
  url     = "https://ec.europa.eu/energy/sites/ener/files/hydrogen_strategy.pdf",
  year    = "2020",
  author  = "European Commission"
}

@webpage{expert,
  title   = "Expert reaction to transitioning to hydrogen",
  url     = "https://www.sciencemediacentre.org/expert-reaction-to-transitioning-to-hydrogen/",
  year    = "2019",
  author  = "Dr. Peter Clough"
}

@webpage{worldbank,
  title   = "What a Waste 2.0",
  url     = "https://datatopics.worldbank.org/what-a-waste/",
  year    = "2020",
  author  = "The World Bank"
}