
@MISC{britannica,
  title = "Thomas Bayes",
  howpublished = "\url{https://www.britannica.com/biography/Thomas-Bayes}",
  note = {Accessed: 2021-04-15}
}

@MISC{wikipedia,
  title = "Thomas Bayes",
  howpublished = "\url{https://en.wikipedia.org/wiki/Thomas_Bayes}",
  note = {Accessed: 2021-04-15}
}
