@misc{Britannica,
  title = {{Britannica} Ada Lovelace},
  howpublished = {\url{https://www.britannica.com/biography/Ada-Lovelace}},
  note = {Accessed: 2021-02-21}
}
