
@MISC{wikipedia,
  title = {Kenneth Appel},
  howpublished = "\url{https://en.wikipedia.org/wiki/Kenneth_Appel}",
  note = {Accessed: 2021-04-29}
}

@MISC{britannica,
  title = "Kenneth Appel",
  howpublished = "\url{https://www.britannica.com/science/four-color-map-problem#ref888313}",
  note = {Accessed: 2021-04-29}
}
